<?xml version="1.0" encoding="UTF-8"?><collection xmlns="http://www.loc.gov/MARC21/slim"><record><leader>00592nam--2200193-u-4500</leader><controlfield tag="001">000056924</controlfield><controlfield tag="002">20200917</controlfield><controlfield tag="005">20200917022932</controlfield><controlfield tag="008">200917s1000------------r-----000-0-eng-d</controlfield><datafield ind1=" " ind2=" " tag="040"><subfield code="a">IFIN-HH</subfield></datafield><datafield ind1=" " ind2=" " tag="041"><subfield code="a">eng</subfield></datafield><datafield ind1="1" ind2=" " tag="100"><subfield code="a">Tugulea, Laura</subfield></datafield><datafield ind1="1" ind2="0" tag="245"><subfield code="a">Teaching Physics in Europe: Activities, Outcomes &amp; Recommendations of the STEPS TWO Project</subfield><subfield code="c">Laura Tugulea; Gareth Jones; Jan Naudts (Eds.)</subfield></datafield><datafield ind1=" " ind2=" " tag="260"><subfield code="a">Bucuresti</subfield><subfield code="b">Ars Docendi</subfield><subfield code="c">2011</subfield></datafield><datafield ind1=" " ind2=" " tag="300"><subfield code="a">131 p</subfield></datafield><datafield ind1=" " ind2=" " tag="500"><subfield code="a">Donatie Acad. Nicolae Victor Zamfir</subfield></datafield><datafield ind1="1" ind2=" " tag="700"><subfield code="a">Naudts, Jan</subfield></datafield><datafield ind1=" " ind2=" " tag="852"><subfield code="a">82818</subfield><subfield code="c">NVZ</subfield></datafield><datafield ind1=" " ind2=" " tag="CAT"><subfield code="a">SYS</subfield><subfield code="c">20200917</subfield><subfield code="h">022932</subfield></datafield></record></collection>